%% LaTeX2e file `shortbib.bib'
%% generated by the `filecontents' environment
%% from source `hw3' on 2021/02/27.
%%
@inproceedings{resnet,
  title={Deep residual learning for image recognition},
  author={He, Kaiming and Zhang, Xiangyu and Ren, Shaoqing and Sun, Jian},
  booktitle={Proceedings of the IEEE conference on computer vision and pattern recognition},
  pages={770--778},
  year={2016}
}
